@article{permana2021performance,
  title={Performance with Eloquent and Query Builder in Crowdfunding System with Laravel Framework},
  author={Permana, Putu Adi Guna and Triandini, Evi},
  year={2021}
}

@article{gehani1990introduction,
	title={Introduction to database systems},
	author={Gehani, Narain},
	year={1990}
}

@book{darwen2009introduction,
	title={An introduction to relational database theory},
	author={Darwen, Hugh},
	year={2009},
	publisher={Bookboon}
}

@article{fowler2016teaching,
	title={Teaching case: introduction to NoSQL in a traditional database course},
	author={Fowler, Brad and Godin, Joy and Geddy, Margaret},
	journal={Journal of Information Systems Education},
	volume={27},
	number={2},
	pages={99},
	year={2016}
}

@article{nayak2013type,
	title={Type of NOSQL databases and its comparison with relational databases},
	author={Nayak, Ameya and Poriya, Anil and Poojary, Dikshay},
	journal={International Journal of Applied Information Systems},
	volume={5},
	number={4},
	pages={16--19},
	year={2013},
	publisher={Citeseer}
}

@article{sharma2012sql,
	title={Sql and nosql databases},
	author={Sharma, Vatika and Dave, Meenu},
	journal={International Journal of Advanced Research in Computer Science and Software Engineering},
	volume={2},
	number={8},
	year={2012}
}

@article{he2015survey,
	title={Survey on NoSQL database technology},
	author={He, Changlin},
	journal={Journal of Applied Science and Engineering Innovation Vol},
	volume={2},
	number={2},
	pages={50--54},
	year={2015}
}

@article{hammes2014comparison,
	title={Comparison of NoSQL and SQL Databases in the Cloud},
	author={Hammes, Dayne and Medero, Hiram and Mitchell, Harrison},
	journal={Proceedings of the Southern Association for Information Systems (SAIS), Macon, GA},
	pages={21--22},
	year={2014}
}

@article{DataAge:Peinsel,
	author = {David Peinsel, John Ganrt, John Rydning},
	title = {Data Age 2025: The Evolution of Data to Life-Critical},
	date = {April 2017},
}

@article{Datenvolumen:Juengling,
	author = {Thomas JÃ¼ngling },
	title = {Datenvolumen verdoppelt sich alle zwei Jahre},
	date = {16},
	url = {https://www.welt.de/wirtschaft/webwelt/article118099520/Datenvolumen-verdoppelt-sich-alle-zwei-Jahre.html},
	month = {07},
	year = {2013},
	urldate = {25.10.2021},
}


@article{Fotos:Thiele,
	author = {Antonia Thiele },
	title = {Deutsche speichern mehr als 1000 Fotos auf dem Handy},
	journaltitle = {Welt},
	date = {22.09.2020},
	url = {https://www.welt.de/wirtschaft/article202489422/Handybilder-Deutsche-speichern-mehr-als-1000-Fotos-auf-dem-Smartphone.html},
	urldate = {25.10.2021},
}

@book{codd1972relational,
	title={Relational completeness of data base sublanguages},
	author={Codd, Edgar F and others},
	year={1972},
	publisher={Citeseer}
}


@book{Meier:SQLNoSQLDatenbanken,
	author = {Andreas Meier, Michael Kaufmann},
	title = {SQL- und NoSQL-Datenbanken},
	date = {2016},
}

@misc{moor2001introduction,
	title={An introduction to SQL and PostgreSQL},
	author={Moor, Ian},
	year={2001}
}

@article{gajendran2012survey,
	title={A survey on nosql databases},
	author={Gajendran, Santhosh Kumar},
	journal={University of Illinois},
	year={2012}
}

@incollection{codd2002relational,
	title={A relational model of data for large shared data banks},
	author={Codd, Edgar F},
	booktitle={Software pioneers},
	pages={263--294},
	year={2002},
	publisher={Springer}
}

@online{strozziNoSQL,
	author = {Carlo Strozzi},
	title = {NoSQL: a non-SQL RDBMS},
	date = {2010},
	url = {http://www.strozzi.it/cgi-bin/CSA/tw7/I/en_US/nosql/Home%20Page},
	urldate = {13.11.2021},
}

@article{ali2019comparison,
	title={Comparison between SQL and NoSQL databases and their relationship with big data analytics},
	author={Ali, Wajid and Shafique, Muhammad Usman and Majeed, Muhammad Arslan and Raza, Ali},
	journal={Asian Journal of Research in Computer Science},
	pages={1--10},
	year={2019}
}


@online{acid-bigdata,
	author = {Dipl.-Ing. (FH) Stefan Luber},
	title = {Was ist ACID?},
	date = {date},
	url = {https://www.bigdata-insider.de/was-ist-acid-a-776182/},
	urldate = {14.11.2021},
}


@online{ibm-sql-nosql,
	author = {Benjamin Anderson, Brad Nicholson},
	title = {SQL vs. NoSQL Databases: Whats the Difference?},
	date = {15 Juni 2021},
	url = {https://www.ibm.com/cloud/blog/sql-vs-nosql},
	urldate = {14.11.2021},
}


@online{mogodb-lara,
	author = {MongoDB Dokumentation},
	title = {MongoDB and Laravel Integration},
	date = {2021},
	url = {https://www.mongodb.com/compatibility/mongodb-laravel-intergration},
	urldate = {17.11.2021},
}



@online{w3json,
	author = {W3.CSS},
	title = {What is JSON?},
	date = {2021},
	url = {https://www.w3schools.com/whatis/whatis_json.asp},
	urldate = {17.11.2021},
}
